@article{anderson2020,
  title={Sectoral Employment Dynamics in Australia and the COVID-19 Pandemic},
  author={Anderson, Heather M and Caggiano, Giovanni and Vahid, Farshid and Wong, Benjamin},
  journal={Australian Economic Review},
  volume={53},
  number={3},
  pages={402--414},
  year={2020},
  publisher={Wiley Online Library}
}


@online{ABS2021,
  author = {ABS},
  title = {One year of COVID-19: Aussie jobs, business and the economy},
  year = 2021,
  url = {https://www.abs.gov.au/articles/one-year-covid-19-aussie-jobs-business-and-economy},
  urldate = {2022-04-29}
}


@online{ABS2022a,
  author = {ABS},
  title = {Unemployment rate falls to 3.5 percent},
  year = 2022,
  url = {https://www.abs.gov.au/media-centre/media-releases/unemployment-rate-falls-35},
  urldate = {2022-10-01}
}


@online{ABS2022,
  author = {ABS},
  title = {Labour Force, Australia, Detailed, March 2022},
  year = 2022,
  url = {https://www.abs.gov.au/statistics/labour/employment-and-unemployment/labour-force-australia-detailed/latest-release},
  urldate = {2022-04-29}
}

@online{ABSj1,
  author = {ABS},
  title = {Government support for business},
  year = 2020,
  url = {https://www.abs.gov.au/articles/government-support-business},
  urldate = {2022-09-29}
}


@online{ABSj2,
  author = {ABS},
  title = {Government support for business, September quarter 2020},
  year = 2020,
  url = {https://www.abs.gov.au/articles/government-support-business-september-quarter-2020},
  urldate = {2022-09-29}
}

@online{ABSj3,
  author = {ABS},
  title = {Government support for business, December quarter 2020},
  year = 2021,
  url = {https://www.abs.gov.au/articles/government-support-business-december-quarter-2020},
  urldate = {2022-09-29}
}



@online{ABSj4,
  author = {ABS},
  title = {Government support for business, March quarter 2021},
  year = 2020,
  url = {https://www.abs.gov.au/articles/government-support-business-march-quarter-2021},
  urldate = {2022-09-29}
}





@online{ny2020,
  author = {Lewis, Brent and Hsu, Tiffany},
  title = {The Collateral Damage of Coronavirus},
  year = 2020,
  url = {https://www.nytimes.com/2020/05/09/business/economy/coronavirus-unemployment.html
},
  urldate = {2022-04-29}
}



@techreport{ludvigson2020covid,
  title={COVID-19 and the macroeconomic effects of costly disasters},
  author={Ludvigson, Sydney C and Ma, Sai and Ng, Serena},
  year={2020},
  institution={National Bureau of Economic Research}
}


@article{berger2020nowcasting,
  title={Nowcasting the output gap},
  author={Berger, Tino and Morley, James and Wong, Benjamin},
  journal={Journal of Econometrics},
  year={2020},
  publisher={Elsevier}
}



@article{gregory2020pandemic,
  title={Pandemic recession: L-shaped or V-shaped},
  author={Gregory, Victoria and Menzio, Guido and Wiczer, David},
  journal={Covid Economics},
  volume={88},
  year={2020}
}



@article{litterman1986,
  title={Forecasting with Bayesian vector autoregressions—five years of experience},
  author={Litterman, Robert B},
  journal={Journal of Business \& Economic Statistics},
  volume={4},
  number={1},
  pages={25--38},
  year={1986},
  publisher={Taylor \& Francis}
}


@techreport{litterman1979,
  title={Techniques of forecasting using vector autoregressions},
  author={Litterman, Robert B and others},
  year={1979}
}

@article{robertson1999vector,
  title={Vector autoregressions: forecasting and reality},
  author={Robertson, John C and Tallman, Ellis W},
  journal={Economic Review-Federal Reserve Bank of Atlanta},
  volume={84},
  number={1},
  pages={4},
  year={1999},
  publisher={Federal Reserve Bank of Atlanta}
}






@article{banbura2010large,
  title={Large Bayesian vector auto regressions},
  author={Ba{\'n}bura, Marta and Giannone, Domenico and Reichlin, Lucrezia},
  journal={Journal of applied Econometrics},
  volume={25},
  number={1},
  pages={71--92},
  year={2010},
  publisher={Wiley Online Library}
}

@article{wozniak2016bayesian,
  title={Bayesian vector autoregressions},
  author={Wo{\'z}niak, Tomasz},
  journal={Australian Economic Review},
  volume={49},
  number={3},
  pages={365--380},
  year={2016},
  publisher={Wiley Online Library}
}




@article{kadiyala1997,
  title={Numerical methods for estimation and inference in Bayesian VAR-models},
  author={Kadiyala, K Rao and Karlsson, Sune},
  journal={Journal of Applied Econometrics},
  volume={12},
  number={2},
  pages={99--132},
  year={1997},
  publisher={Wiley Online Library}
}

@article{waggoner1999,
  title={Conditional forecasts in dynamic multivariate models},
  author={Waggoner, Daniel F and Zha, Tao},
  journal={Review of Economics and Statistics},
  volume={81},
  number={4},
  pages={639--651},
  year={1999},
  publisher={MIT Press 238 Main St., Suite 500, Cambridge, MA 02142-1046, USA journals~…}
}




@article{hyndman2006,
  title={Another look at measures of forecast accuracy},
  author={Hyndman, Rob J and Koehler, Anne B},
  journal={International journal of forecasting},
  volume={22},
  number={4},
  pages={679--688},
  year={2006},
  publisher={Elsevier}
}



@article{stock2001,
  title={Vector autoregressions},
  author={Stock, James H and Watson, Mark W},
  journal={Journal of Economic perspectives},
  volume={15},
  number={4},
  pages={101--115},
  year={2001}
}


@article{koop2013,
  title={Forecasting with medium and large Bayesian VARs},
  author={Koop, Gary M},
  journal={Journal of Applied Econometrics},
  volume={28},
  number={2},
  pages={177--203},
  year={2013},
  publisher={Wiley Online Library}
}


@article{de2008,
  title={Forecasting using a large number of predictors: Is Bayesian shrinkage a valid alternative to principal components?},
  author={De Mol, Christine and Giannone, Domenico and Reichlin, Lucrezia},
  journal={Journal of Econometrics},
  volume={146},
  number={2},
  pages={318--328},
  year={2008},
  publisher={Elsevier}
}



  @Manual{package_matrixStats,
    title = {matrixStats: Functions that Apply to Rows and Columns of Matrices (and to
Vectors)},
    author = {Henrik Bengtsson},
    year = {2021},
    note = {R package version 0.61.0},
    url = {https://CRAN.R-project.org/package=matrixStats},
  }

  @Manual{R, 
    title = {R: A Language and Environment for Statistical Computing},
    author = {{R Core Team}},
    organization = {R Foundation for Statistical Computing},
    address = {Vienna, Austria},
    year = {2021},
    url = {https://www.R-project.org/},
  }


@Manual{Rstudio, title = {RStudio: Integrated Development Environment for R}, author = {{RStudio Team}}, organization = {RStudio, PBC.}, address = {Boston, MA}, year = {2020}, url = {http://www.rstudio.com/}, }


  @Book{package_ggplot2,
    author = {Hadley Wickham},
    title = {ggplot2: Elegant Graphics for Data Analysis},
    publisher = {Springer-Verlag New York},
    year = {2016},
    isbn = {978-3-319-24277-4},
    url = {https://ggplot2.tidyverse.org},
  }


 @Article{zoo,
    title = {zoo: S3 Infrastructure for Regular and Irregular Time Series},
    author = {Achim Zeileis and Gabor Grothendieck},
    journal = {Journal of Statistical Software},
    year = {2005},
    volume = {14},
    number = {6},
    pages = {1--27},
    doi = {10.18637/jss.v014.i06},
  }
  
   @Article{tidyverse,
    title = {Welcome to the {tidyverse}},
    author = {Hadley Wickham and Mara Averick and Jennifer Bryan and Winston Chang and Lucy D'Agostino McGowan and Romain François and Garrett Grolemund and Alex Hayes and Lionel Henry and Jim Hester and Max Kuhn and Thomas Lin Pedersen and Evan Miller and Stephan Milton Bache and Kirill Müller and Jeroen Ooms and David Robinson and Dana Paige Seidel and Vitalie Spinu and Kohske Takahashi and Davis Vaughan and Claus Wilke and Kara Woo and Hiroaki Yutani},
    year = {2019},
    journal = {Journal of Open Source Software},
    volume = {4},
    number = {43},
    pages = {1686},
    doi = {10.21105/joss.01686},
  }


@Manual{dplyr,
    title = {dplyr: A Grammar of Data Manipulation},
    author = {Hadley Wickham and Romain François and Lionel Henry and Kirill Müller},
    year = {2022},
    note = {R package version 1.0.8},
    url = {https://CRAN.R-project.org/package=dplyr},
  }
  
   @Manual{stats,
    title = {R: A Language and Environment for Statistical Computing},
    author = {{R Core Team}},
    organization = {R Foundation for Statistical Computing},
    address = {Vienna, Austria},
    year = {2021},
    url = {https://www.R-project.org/},
  }


@Manual{readr,
    title = {readr: Read Rectangular Text Data},
    author = {Hadley Wickham and Jim Hester and Jennifer Bryan},
    year = {2022},
    note = {R package version 2.1.2},
    url = {https://CRAN.R-project.org/package=readr},
  }
  
  
  @Manual{pracma,
    title = {pracma: Practical Numerical Math Functions},
    author = {Hans W. Borchers},
    year = {2022},
    note = {R package version 2.3.8},
    url = {https://CRAN.R-project.org/package=pracma},
  }



@Article{lubridate,
    title = {Dates and Times Made Easy with {lubridate}},
    author = {Garrett Grolemund and Hadley Wickham},
    journal = {Journal of Statistical Software},
    year = {2011},
    volume = {40},
    number = {3},
    pages = {1--25},
    url = {https://www.jstatsoft.org/v40/i03/},
  }



@Manual{fpp3,
    title = {fpp3: Data for "Forecasting: Principles and Practice" (3rd Edition)},
    author = {Rob Hyndman},
    year = {2021},
    note = {R package version 0.4.0},
    url = {https://CRAN.R-project.org/package=fpp3},
  }

 @Manual{monash,
    title = {monash: Consolidated tools and templates for staff at Monash University},
    author = {Emi Tanaka and Rob Hyndman},
    year = {2022},
    note = {R package version 0.0.0.9000},
  }
  
  @Book{bookdown,
    title = {bookdown: Authoring Books and Technical Documents with {R} Markdown},
    author = {Yihui Xie},
    publisher = {Chapman and Hall/CRC},
    address = {Boca Raton, Florida},
    year = {2016},
    note = {ISBN 978-1138700109},
    url = {https://bookdown.org/yihui/bookdown},
  }





 @Manual{ggpubr,
    title = {ggpubr: 'ggplot2' Based Publication Ready Plots},
    author = {Alboukadel Kassambara},
    year = {2020},
    note = {R package version 0.4.0},
    url = {https://CRAN.R-project.org/package=ggpubr},
  }



@article{warsono2019,
  title={Vector autoregressive with exogenous variable model and its application in modeling and forecasting energy data: Case study of PTBA and HRUM energy},
  author={Warsono, Warsono and Russel, Edwin and Wamiliana, Wamiliana and Widiarti, Widiarti and Usman, Mustofa},
  journal={International Journal of Energy Economics and Policy},
  volume={9},
  number={2},
  pages={390--398},
  year={2019},
  publisher={EconJournals}
}



